@book{KSO83,
  title     = {Kendall's advanced theory of statistics},
  volume    = 3,
  author    = {Kendall, Maurice G and Stuart, Alan and J Keith Ord},
  publisher = {Hodder Arnold},
  year      = 1983
}

@book{LQ01,
  title     = {Seasonal adjustment with the {X-11} method},
  author    = {Ladiray, Dominique and Quenneville, Beno{\^\i}t},
  publisher = {Springer-Verlag},
  year      = 2001
}

@book{Dagum2016,
  title     = {Seasonal adjustment methods and real time trend-cycle
               estimation},
  author    = {Dagum, Estela Bee and Bianconcini, Silvia},
  publisher = {Springer},
  address   = {Switzerland},
  year      = 2016
}

@article{Spencer04,
  title   = {On the graduation of the rates of sickness and mortality},
  author  = {Spencer, J},
  journal = {Journal of the Institute of Actuaries},
  volume  = 38,
  pages   = {334--343},
  year    = 1904
}

@book{Mills2021,
  title     = {Modelling trends and cycles in economic time series},
  author    = {Mills, Terence C},
  edition   = {2nd},
  year      = {2021},
  publisher = {Springer},
  address   = {Switzerland}
}
@book{Brown59,
  title     = {Statistical forecasting for inventory control},
  author    = {Brown, Robert Goodell},
  publisher = {McGraw-Hill},
  address   = {New York},
  year      = 1959
}

@article{BA95,
  title   = {Predicting the quality of an unborn {Grange}},
  author  = {Byron, R P and Ashenfelter, Orley},
  journal = {The Economic Record},
  volume  = 71,
  number  = 212,
  pages   = {40--53},
  year    = 1995
}

@article{CKOS01,
  title   = {A new look at models for exponential smoothing},
  author  = {Chatfield, Chris and Koehler, Anne B and Keith Ord, J and Snyder, Ralph D},
  journal = {Journal of the Royal Statistical Society: Series D},
  volume  = 50,
  number  = 2,
  pages   = {147--159},
  year    = 2001
}

@book{HPS01,
  title     = {Market Response Models: Econometric and Time Series Analysis},
  author    = {Hanssens, Dominique M and Parsons, Leonard J and Schultz,
               Randall L},
  publisher = {Kluwer Academic Publishers},
  year      = 2001,
  edition   = {2nd},
  address   = {Boston, MA}
}

@techreport{Holt57,
  title       = {Forecasting trends and seasonals by exponentially weighted
                 averages},
  author      = {Holt, Charles C},
  type        = {O.N.R. Memorandum},
  number      = {52/1957},
  institution = {Carnegie Institute of Technology},
  year        = 1957
}

@article{Holt2004,
  title   = {Forecasting seasonals and trends by exponentially weighted moving
             averages},
  author  = {Holt, C Charles},
  journal = {International Journal of Forecasting},
  volume  = 20,
  number  = 1,
  pages   = {5--10},
  year    = 2004
}

@article{HF10,
  title   = {Density forecasting for long-term peak electricity demand},
  author  = {Hyndman, Rob J and Fan, Shu},
  journal = {IEEE Transactions on Power Systems},
  volume  = 25,
  number  = 2,
  pages   = {1142--1153},
  year    = 2010
}

@book{expsmooth08,
  title     = {Forecasting with exponential smoothing: the state space approach},
  author    = {Hyndman, Rob J and Koehler, Anne B and Ord, J K and Snyder,
               Ralph D},
  publisher = {Springer-Verlag},
  year      = 2008,
  url       = {www.exponentialsmoothing.net},
  address   = {Berlin}
}

@book{Pardoe06,
  title     = {Applied regression modeling},
  author    = {Pardoe, Iain},
  publisher = {John Wiley \& Sons},
  year      = 2021,
  edition   = {3rd},
  address   = {Hoboken, NY}
}

@book{fpp3,
  title     = {Forecasting: principles and practice},
  author    = {Hyndman, Rob J and Athanasopoulos, George},
  publisher = {OTexts},
  edition   = {3rd},
  year      = 2021,
  url       = {OTexts.org/fpp3},
  address   = {Melbourne, Australia}
}

@article{HKSG02,
  title   = {A state space framework for automatic forecasting using exponential smoothing methods},
  author  = {Rob J Hyndman and Anne B Koehler and Ralph D Snyder and Simone Grose},
  year    = 2002,
  number  = {3},
  pages   = {439--454},
  volume  = {18},
  journal = {International J Forecasting}
}

@article{HK08,
  title   = {Automatic time series forecasting: the forecast package for {R}},
  author  = {Rob J Hyndman and Yeasmin Khandakar},
  year    = 2008,
  number  = {3},
  pages   = {1--22},
  volume  = {26},
  journal = {J Statistical Software}
}

@book{BJ70,
  title     = {Time Series Analysis: Forecasting and Control},
  author    = {Box, George E P and Jenkins, Gwilym M },
  publisher = {Holden-Day},
  address   = {San Francisco},
  edition   = {1st},
  year      = 1970
}

@article{M3comp,
  title   = {The {M3-Competition}: results, conclusions and implications},
  author  = {Makridakis, Spyros G and Hibon, Mich{\`e}le},
  journal = {International Journal of Forecasting},
  volume  = 16,
  number  = 4,
  pages   = {451--476},
  year    = 2000
}

@article{M4results,
  title   = {The {M4} Competition: 100,000 time series and 61 forecasting
             methods},
  author  = {Makridakis, Spyros and Spiliotis, Evangelos and Assimakopoulos,
             Vassilios},
  journal = {International Journal of Forecasting},
  year    = 2020,
  volume  = 36,
  issue   = 1,
  pages   = {54-74},
  doi     = {10.1016/j.ijforecast.2019.04.014}
}

@article{M5accuracy,
  title   = {M5 accuracy competition: Results, findings, and conclusions},
  author  = {Makridakis, Spyros and Spiliotis, Evangelos and Assimakopoulos, Vassilios},
  journal = {International Journal of Forecasting},
  volume  = {38},
  number  = 4,
  pages   = {1346-1364},
  year    = {2022}
}

@inproceedings{lightgbm,
  author    = {Ke, Guolin and Meng, Qi and Finley, Thomas and Wang, Taifeng and Chen, Wei and Ma, Weidong and Ye, Qiwei and Liu, Tie-Yan},
  booktitle = {Advances in Neural Information Processing Systems},
  editor    = {I. Guyon and U. Von Luxburg and S. Bengio and H. Wallach and R. Fergus and S. Vishwanathan and R. Garnett},
  publisher = {Curran Associates, Inc.},
  title     = {{LightGBM}: A Highly Efficient Gradient Boosting Decision Tree},
  url       = {https://bit.ly/lightgbm},
  volume    = {30},
  year      = {2017}
}

@article{Makridakis2022,
  title   = {Statistical, machine learning and deep learning forecasting
             methods: Comparisons and ways forward},
  author  = {Makridakis, Spyros and Spiliotis, Evangelos and Assimakopoulos,
             Vassilios and Semenoglou, Artemios-Anargyros and Mulder, Gary
             and Nikolopoulos, Konstantinos},
  journal = {Journal of the Operational Research Society},
  year    = 2022,
  note    = {in press},
  url     = {https://doi.org/10.1080/01605682.2022.2118629}
}

@article{combinations,
  title   = {Forecast combinations: an over 50-year review},
  author  = {Xiaoqian Wang and Rob J Hyndman and Feng Li and Yanfei Kang},
  year    = 2022,
  url     = {https://doi.org/10.1016/j.ijforecast.2022.11.005},
  journal = {International J Forecasting},
  note    = {in press}
}

@article{HK06,
  title       = {Another look at measures of forecast accuracy},
  author      = {Rob J Hyndman and Anne B Koehler},
  year        = 2006,
  number      = {4},
  pages       = {679--688},
  volume      = {22},
  institution = {Department of Econometrics \& Business Statistics, Monash University},
  journal     = {International J Forecasting},
  publisher   = {Elsevier}
}

@book{Armstrong85,
  title     = {Long-range forecasting: from crystal ball to computer},
  author    = {J Scott Armstrong},
  publisher = {Wiley},
  year      = 1985
}

@article{M5comp,
  title   = {The {M5} competition: Background, organization, and implementation},
  author  = {Makridakis, Spyros  and Spiliotis, Evangelos and Assimakopoulos,
             Vassilios},
  journal = {International Journal of Forecasting},
  volume  = {38},
  number  = 4,
  pages   = {1325-1336},
  year    = 2022
}

@article{prophet2018,
  title   = {Forecasting at scale},
  author  = {Taylor, Sean J and Letham, Benjamin},
  journal = {The American Statistician},
  volume  = {72},
  number  = {1},
  pages   = {37--45},
  year    = {2018}
}
