@book{KSO83,
  title     = {Kendall's advanced theory of statistics},
  volume    = 3,
  author    = {Kendall, Maurice G and Stuart, Alan and J Keith Ord},
  publisher = {Hodder Arnold},
  year      = 1983
}

@book{LQ01,
  title     = {Seasonal adjustment with the {X-11} method},
  author    = {Ladiray, Dominique and Quenneville, Beno{\^\i}t},
  publisher = {Springer-Verlag},
  year      = 2001
}

@book{Dagum2016,
  title     = {Seasonal adjustment methods and real time trend-cycle
               estimation:},
  author    = {Dagum, Estela Bee and Bianconcini, Silvia},
  publisher = {Springer},
  address   = {Switzerland},
  year      = 2016
}

@article{Spencer04,
  title   = {On the graduation of the rates of sickness and mortality},
  author  = {Spencer, J},
  journal = {Journal of the Institute of Actuaries},
  volume  = 38,
  pages   = {334--343},
  year    = 1904
}

@book{Mills2021,
  title={Modelling trends and cycles in economic time series},
  author={Mills, Terence C},
  edition = {2nd},
  year={2021},
  publisher={Springer},
  address = {Switzerland}
}
