
@book{Brown59,
  title     = {Statistical forecasting for inventory control},
  author    = {Brown, Robert Goodell},
  publisher = {McGraw-Hill},
  address = {New York},
  year      = 1959
}

@article{BA95,
  title   = {Predicting the quality of an unborn {Grange}},
  author  = {Byron, R P and Ashenfelter, Orley},
  journal = {The Economic Record},
  volume  = 71,
  number  = 212,
  pages   = {40--53},
  year    = 1995
}

@article{CKOS01,
  title   = {A new look at models for exponential smoothing},
  author  = {Chatfield, Chris and Koehler, Anne B and Keith Ord, J and Snyder, Ralph D},
  journal = {Journal of the Royal Statistical Society: Series D},
  volume  = 50,
  number  = 2,
  pages   = {147--159},
  year    = 2001
}

@book{HPS01,
  title     = {Market Response Models: Econometric and Time Series Analysis},
  author    = {Hanssens, Dominique M and Parsons, Leonard J and Schultz,
               Randall L},
  publisher = {Kluwer Academic Publishers},
  year      = 2001,
  edition = {2nd},
  address = {Boston, MA}
}

@techreport{Holt57,
  title       = {Forecasting trends and seasonals by exponentially weighted
                 averages},
  author      = {Holt, Charles C},
  type = {O.N.R. Memorandum},
  number = {52/1957},
  institution = {Carnegie Institute of Technology},
  year        = 1957
}

@article{Holt2004,
  title   = {Forecasting seasonals and trends by exponentially weighted moving
             averages},
  author  = {Holt, C Charles},
  journal = {International Journal of Forecasting},
  volume  = 20,
  number  = 1,
  pages   = {5--10},
  year    = 2004
}


@article{HF10,
  title   = {Density forecasting for long-term peak electricity demand},
  author  = {Hyndman, Rob J and Fan, Shu},
  journal = {IEEE Transactions on Power Systems},
  volume  = 25,
  number  = 2,
  pages   = {1142--1153},
  year    = 2010,
}

@book{expsmooth08,
  title     = {Forecasting with exponential smoothing: the state space approach},
  author    = {Hyndman, Rob J and Koehler, Anne B and Ord, J K and Snyder,
               Ralph D},
  publisher = {Springer-Verlag},
  year      = 2008,
  url       = {www.exponentialsmoothing.net},
  address   = {Berlin}
}

@book{Pardoe06,
  title     = {Applied regression modeling: a business approach},
  author    = {Pardoe, Iain},
  publisher = {John Wiley \& Sons},
  year      = 2006,
  address = {Hoboken, NY}
}

@book{fpp3,
  title     = {Forecasting: principles and practice},
  author    = {Hyndman, Rob J and Athanasopoulos, George},
  publisher = {OTexts},
  edition   = {3rd edition},
  year      = 2021,
  url       = {OTexts.org/fpp3},
  address   = {Melbourne, Australia}
}

@article{HK06,
  title       = {Another look at measures of forecast accuracy},
  author      = {Rob J Hyndman and Anne B Koehler},
  year        = 2006,
  number      = {4},
  pages       = {679--688},
  volume      = {22},
  institution = {Department of Econometrics \& Business Statistics, Monash University},
  journal     = {International J Forecasting},
  publisher   = {Elsevier}
}


@BOOK{Armstrong85,
  title     = "Long-range forecasting: from crystal ball to computer",
  author    = "J Scott Armstrong",
  publisher = "Wiley",
  year      =  1985,
}

@ARTICLE{M3comp,
  title   = "The {M3-Competition}: results, conclusions and implications",
  author  = "Makridakis, Spyros G and Hibon, Mich{\`e}le",
  journal = "International Journal of Forecasting",
  volume  =  16,
  number  =  4,
  pages   = "451--476",
  year    =  2000,
}

@ARTICLE{M5comp,
  title   = "The {M5} competition: Background, organization, and implementation",
  author  = "Makridakis, Spyros  and Spiliotis, Evangelos and Assimakopoulos,
             Vassilios",
  journal = "International Journal of Forecasting",
  volume  = "38",
  number = 4,
  pages = {1325-1336},
  year    =  2022,
}

@article{M5accuracy,
  title={M5 accuracy competition: Results, findings, and conclusions},
  author={Makridakis, Spyros and Spiliotis, Evangelos and Assimakopoulos, Vassilios},
  journal={International Journal of Forecasting},
  volume  = "38",
  number = 4,
  pages = {1346-1364},
  year={2022},
}
